@inproceedings{burie2015icdar2015,
  title={ICDAR2015 competition on smartphone document capture and OCR (SmartDoc)},
  author={Burie, Jean-Christophe and Chazalon, Joseph and Coustaty, Micka{\"e}l and Eskenazi, S{\'e}bastien and Luqman, Muhammad Muzzamil and Mehri, Maroua and Nayef, Nibal and Ogier, Jean-Marc and Prum, Sophea and Rusi{\~n}ol, Mar{\c{c}}al},
  booktitle={Document Analysis and Recognition (ICDAR), 2015 13th International Conference on},
  pages={1161--1165},
  year={2015},
  organization={IEEE}
}
@article{everingham2010pascal,
  title={The pascal visual object classes (voc) challenge},
  author={Everingham, Mark and Van Gool, Luc and Williams, Christopher KI and Winn, John and Zisserman, Andrew},
  journal={International journal of computer vision},
  volume={88},
  number={2},
  pages={303--338},
  year={2010},
  publisher={Springer}
}
#@article{von2010lsd,
  title={LSD: A fast line segment detector with a false detection control},
  author={Von Gioi, Rafael Grompone and Jakubowicz, Jeremie and Morel, Jean-Michel and Randall, Gregory},
  journal={IEEE transactions on pattern analysis and machine intelligence},
  volume={32},
  number={4},
  pages={722--732},
  year={2010},
  publisher={IEEE}
}
@misc{lsd2014,
  author = {primetang},
  title = {LSD-OpenCV-MATLAB},
  year = {2014},
  publisher = {GitHub},
  journal = {GitHub repository},
  howpublished = {https://github.com/primetang/LSD-OpenCV-MATLAB, commit: 0b035a8c5b105091604d71f1570ac4d4526aec8d },
  commit = {0b035a8c5b105091604d71f1570ac4d4526aec8d}
}